<record><leader>00000cas a22000007i 4500</leader><controlfield tag="001">918943981</controlfield><controlfield tag="006">m     o  d        </controlfield><controlfield tag="007">cr |n|000|||||</controlfield><controlfield tag="008">930709d18851975scuwr neo     0   a0eng  </controlfield><datafield ind1=" " ind2=" " tag="010"><subfield code="a">  2016271002</subfield></datafield><datafield ind1=" " ind2=" " tag="040"><subfield code="a">Nz</subfield><subfield code="b">eng</subfield><subfield code="e">rda</subfield><subfield code="c">Z5A</subfield><subfield code="d">DLC</subfield><subfield code="d">OCLCF</subfield></datafield><datafield ind1="0" ind2=" " tag="022"><subfield code="a">2471-0369</subfield><subfield code="2">1</subfield></datafield><datafield ind1="0" ind2=" " tag="029"><subfield code="a">NZ1</subfield><subfield code="b">16037271</subfield></datafield><datafield ind1=" " ind2=" " tag="042"><subfield code="a">msc</subfield><subfield code="a">nsdp</subfield></datafield><datafield ind1=" " ind2=" " tag="043"><subfield code="a">n-us-sc</subfield></datafield><datafield ind1="1" ind2="0" tag="050"><subfield code="a">ISSN RECORD</subfield></datafield><datafield ind1="1" ind2="0" tag="082"><subfield code="a">071</subfield><subfield code="2">23</subfield></datafield><datafield ind1="0" ind2=" " tag="130"><subfield code="a">County record (Kingstree, S.C.)</subfield></datafield><datafield ind1=" " ind2="4" tag="222"><subfield code="a">The country record</subfield><subfield code="b">(Kingstree, S.C. Online)</subfield></datafield><datafield ind1="1" ind2="4" tag="245"><subfield code="a">The county record.</subfield></datafield><datafield ind1=" " ind2="1" tag="264"><subfield code="a">Kingstree, South Carolina :</subfield><subfield code="b">J. Bristow</subfield></datafield><datafield ind1=" " ind2=" " tag="300"><subfield code="a">1 online resource</subfield></datafield><datafield ind1=" " ind2=" " tag="310"><subfield code="a">Weekly</subfield></datafield><datafield ind1=" " ind2=" " tag="336"><subfield code="a">text</subfield><subfield code="b">txt</subfield><subfield code="2">rdacontent</subfield></datafield><datafield ind1=" " ind2=" " tag="337"><subfield code="a">computer</subfield><subfield code="b">c</subfield><subfield code="2">rdamedia</subfield></datafield><datafield ind1=" " ind2=" " tag="338"><subfield code="a">online resource</subfield><subfield code="b">cr</subfield><subfield code="2">rdacarrier</subfield></datafield><datafield ind1="1" ind2=" " tag="362"><subfield code="a">Began February 17, 1885); ceased June 25, 1975.</subfield></datafield><datafield ind1=" " ind2=" " tag="500"><subfield code="a">Publishers: R.C. Logan Louis, &lt;February 17, 1885&gt;; W. F. Tolley &amp; L. H. Cromer, Jr., &lt;January 5-December 28, 1922&gt;.</subfield></datafield><datafield ind1=" " ind2=" " tag="588"><subfield code="a">Description based on: Vol. XIII, no. 8 (April 15, 1897); title from masthead (Chroniclingamerica.loc.gov, viewed February 24, 2016).</subfield></datafield><datafield ind1=" " ind2=" " tag="588"><subfield code="a">Latest issue consulted: Volume 37, no. 42 [43] (December 28, 1922) (Chroniclingamerica.loc.gov, viewed February 24, 2016).</subfield></datafield><datafield ind1=" " ind2="0" tag="651"><subfield code="a">Kingstree (S.C.)</subfield><subfield code="v">Newspapers.</subfield></datafield><datafield ind1=" " ind2="7" tag="655"><subfield code="a">Newspapers.</subfield><subfield code="2">fast</subfield><subfield code="0">(OCoLC)fst01423814</subfield></datafield><datafield ind1=" " ind2="7" tag="651"><subfield code="a">South Carolina</subfield><subfield code="z">Kingstree.</subfield><subfield code="2">fast</subfield><subfield code="0">(OCoLC)fst01253592</subfield></datafield><datafield ind1=" " ind2=" " tag="752"><subfield code="a">United States</subfield><subfield code="b">South Carolina</subfield><subfield code="c">Williamsburg</subfield><subfield code="d">Kingstree.</subfield></datafield><datafield ind1="0" ind2="8" tag="776"><subfield code="i">Originally issued in print:</subfield><subfield code="t">County record (Kingstree, S.C.)</subfield><subfield code="x">2471-0350</subfield><subfield code="w">(DLC)sn 93067841</subfield><subfield code="w">(OCoLC)28401988</subfield></datafield><datafield ind1="0" ind2="4" tag="785"><subfield code="t">News (Kingstree, S.C.)</subfield></datafield><datafield ind1="4" ind2="0" tag="856"><subfield code="u">http://chroniclingamerica.loc.gov/lccn/sn93067841/issues/</subfield></datafield></record>